<?xml version="1.0" encoding="UTF-8"?><collection xmlns="http://www.loc.gov/MARC21/slim"><record><leader>00376nam--2200133-i-4500</leader><controlfield tag="001">000029894</controlfield><controlfield tag="002">20161230</controlfield><controlfield tag="005">20161230201037</controlfield><controlfield tag="008">060222s1000------------r-----000-0-eng-d</controlfield><datafield ind1=" " ind2=" " tag="080"><subfield code="a">538.9(038)=20:801.323.1=20</subfield></datafield><datafield ind1=" " ind2=" " tag="100"><subfield code="a">Miller, William</subfield></datafield><datafield ind1=" " ind2=" " tag="245"><subfield code="a">Glossary of terms frequently used in solid state physics</subfield></datafield><datafield ind1=" " ind2=" " tag="260"><subfield code="a">New York, American Inst.Of Ph.,1961. 26p</subfield></datafield><datafield ind1=" " ind2=" " tag="852"><subfield code="a">D.345</subfield></datafield></record></collection>